<record><leader>00000cas a22000007a 4500</leader><controlfield tag="001">10922657</controlfield><controlfield tag="008">840706d19061930ohuwr ne      0    0eng d</controlfield><controlfield tag="009">3783</controlfield><datafield ind1=" " ind2=" " tag="010"><subfield code="a">sn 84028327 </subfield></datafield><datafield ind1=" " ind2=" " tag="040"><subfield code="a">NPY</subfield><subfield code="b">eng</subfield><subfield code="c">NPY</subfield><subfield code="d">ONP</subfield></datafield><datafield ind1="1" ind2=" " tag="029"><subfield code="a">AU@</subfield><subfield code="b">000025794214</subfield></datafield><datafield ind1=" " ind2=" " tag="042"><subfield code="a">msc</subfield></datafield><datafield ind1="0" ind2="4" tag="245"><subfield code="a">The Oberlin tribune.</subfield></datafield><datafield ind1=" " ind2=" " tag="260"><subfield code="a">Oberlin, Ohio :</subfield><subfield code="b">Tribune Pub. Co.,</subfield><subfield code="c">1906-1930.</subfield></datafield><datafield ind1=" " ind2=" " tag="300"><subfield code="a">v.</subfield></datafield><datafield ind1=" " ind2=" " tag="310"><subfield code="a">Weekly</subfield></datafield><datafield ind1="0" ind2=" " tag="362"><subfield code="a">Vol. 12, no. 27 (May 11, 1906)-v. 36, no. 21 (Feb. 28, 1930).</subfield></datafield><datafield ind1=" " ind2=" " tag="500"><subfield code="a">"Republican."</subfield></datafield><datafield ind1=" " ind2=" " tag="515"><subfield code="a">Vol. 26, no. 31 (May 21, 1920) misdated May 11.</subfield></datafield><datafield ind1=" " ind2=" " tag="500"><subfield code="a">Editor: C.W. Kinney.</subfield></datafield><datafield ind1=" " ind2=" " tag="752"><subfield code="a">United States</subfield><subfield code="b">Ohio</subfield><subfield code="c">Lorain</subfield><subfield code="d">Oberlin.</subfield></datafield><datafield ind1="0" ind2="0" tag="780"><subfield code="t">Tribune (Oberlin, Ohio)</subfield><subfield code="w">(DLC)sn 84028326</subfield></datafield><datafield ind1="0" ind2="7" tag="785"><subfield code="t">Oberlin news (Oberlin, Ohio : 1891)</subfield><subfield code="w">(DLC)sn 84028324</subfield></datafield><datafield ind1="0" ind2="7" tag="785"><subfield code="t">Oberlin news-tribune</subfield><subfield code="w">(DLC)sn 88078645</subfield></datafield></record>